<?xml version="1.0" encoding="UTF-8"?><collection xmlns="http://www.loc.gov/MARC21/slim"><record><leader>00331nam--2200133-i-4500</leader><controlfield tag="001">000039484</controlfield><controlfield tag="002">20161230</controlfield><controlfield tag="005">20161230201042</controlfield><controlfield tag="008">060222s1000------------r-----000-0-eng-d</controlfield><datafield ind1=" " ind2=" " tag="080"><subfield code="a">621.981.213</subfield></datafield><datafield ind1=" " ind2=" " tag="100"><subfield code="a">Rogaliov,I.A</subfield></datafield><datafield ind1=" " ind2=" " tag="245"><subfield code="a">Indoirea la rece a tablelor de otel la prese</subfield></datafield><datafield ind1=" " ind2=" " tag="260"><subfield code="a">Bucuresti, Idt,1951. 37 P</subfield></datafield><datafield ind1=" " ind2=" " tag="852"><subfield code="a">26657</subfield></datafield></record></collection>